<?xml version='1.0' encoding='UTF-8'?>
<record xmlns="http://www.loc.gov/MARC21/slim">
  <leader>02036cam a2200373 a 4500</leader>
  <controlfield tag="001">460629</controlfield>
  <controlfield tag="003">NjP</controlfield>
  <controlfield tag="005">20171013101725.0</controlfield>
  <controlfield tag="008">880810s1986    ir a     b    000 0 ara d</controlfield>
  <datafield tag="024" ind1="7" ind2=" ">
    <subfield code="a">princeton_aco003160</subfield>
    <subfield code="2">local</subfield>
  </datafield>
  <datafield ind1=" " ind2=" " tag="035">
    <subfield code="a">(OCoLC)ocn175416850</subfield>
  </datafield>
  <datafield ind1=" " ind2=" " tag="035">
    <subfield code="a">(OCoLC)175416850</subfield>
  </datafield>
  <datafield ind1=" " ind2=" " tag="035">
    <subfield code="a">(CStRLIN)NJPG88-B40280</subfield>
  </datafield>
  <datafield ind1=" " ind2=" " tag="035">
    <subfield code="9">ACD6280TS</subfield>
  </datafield>
  <datafield ind1=" " ind2=" " tag="035">
    <subfield code="a">(NjP)460629</subfield>
  </datafield>
  <datafield ind1=" " ind2=" " tag="040">
    <subfield code="a">NjP</subfield>
    <subfield code="c">PUL</subfield>
    <subfield code="d">PUL</subfield>
  </datafield>
  <datafield ind1=" " ind2=" " tag="049">
    <subfield code="a">PULL</subfield>
  </datafield>
  <datafield ind1=" " ind2=" " tag="079">
    <subfield code="a">ocm25725301</subfield>
  </datafield>
  <datafield ind1="1" ind2=" " tag="100">
    <subfield code="6">880-01</subfield>
    <subfield code="a">Shahīd al-Awwal, Muḥammad ibn Makkī,</subfield>
    <subfield code="d">1333 or 1334-1380.</subfield>
    <subfield code="0">http://id.loc.gov/authorities/names/n86099913</subfield>
  </datafield>
  <datafield ind1="1" ind2="3" tag="245">
    <subfield code="6">880-02</subfield>
    <subfield code="a">al-Durrah al-bāhirah min al-aṣdāf al-ṭāhirah /</subfield>
    <subfield code="c">taʼlīf Abū ʻAbd Allāh Muḥammad ibn al-Shaykh Jamāl al-Dīn Makkī ibn Muḥammad ibn Ḥāmid ibn Aḥmad al-ʻĀmilī al-Nabaṭī al-Jazzīnī al-mulaqqab bi-al-Shahīd al-Awwal ; [taḥqīq Dāwūd Ṣābirī].</subfield>
  </datafield>
  <datafield ind1=" " ind2=" " tag="260">
    <subfield code="6">880-03</subfield>
    <subfield code="a">Mashhad :</subfield>
    <subfield code="b">Muʼassasat Ṭabʻ wa-Nashr al-Āstānah al-Riḍwīyah al-Muqaddasah,</subfield>
    <subfield code="c">1365 [1986].</subfield>
  </datafield>
  <datafield ind1=" " ind2=" " tag="300">
    <subfield code="a">48 p. :</subfield>
    <subfield code="b">ill. ;</subfield>
    <subfield code="c">24 cm.</subfield>
  </datafield>
  <datafield ind1=" " ind2=" " tag="500">
    <subfield code="a">"19"--T.p. verso.</subfield>
  </datafield>
  <datafield ind1=" " ind2=" " tag="504">
    <subfield code="a">Includes bibliographical references.</subfield>
  </datafield>
  <datafield ind1=" " ind2="0" tag="650">
    <subfield code="a">Hadith (Shiites)</subfield>
  </datafield>
  <datafield ind1="1" ind2=" " tag="700">
    <subfield code="6">880-04</subfield>
    <subfield code="a">Ṣābirī, Dāwūd.</subfield>
  </datafield>
  <datafield ind1="1" ind2=" " tag="880">
    <subfield code="6">100-01/r</subfield>
    <subfield code="a">شهيد الاول، محمد بن مكي،</subfield>
    <subfield code="d">1333 or 1334-1380.</subfield>
  </datafield>
  <datafield ind1="1" ind2="2" tag="880">
    <subfield code="6">245-02/r</subfield>
    <subfield code="a">الدرة الباهرة من الاصداف الطاهرة /</subfield>
    <subfield code="c">تأليف ابو عبد الله محمد بن الشيخ جمال الدين مكي بن محمد بن حامد بن احمد العاملي النبطي الجزيني الملقب بالشهيد الاول ؛ [تحقيق داوود صابري].</subfield>
  </datafield>
  <datafield ind1=" " ind2=" " tag="880">
    <subfield code="6">260-03/r</subfield>
    <subfield code="a">مشهد :</subfield>
    <subfield code="b">مؤسسة طبع ونشر الاستانة الرضوية المقدسة،</subfield>
    <subfield code="c">1365 [1986].</subfield>
  </datafield>
  <datafield ind1="1" ind2=" " tag="880">
    <subfield code="6">700-04/r</subfield>
    <subfield code="a">صابري، داوود.</subfield>
  </datafield>
  <datafield ind1=" " ind2=" " tag="998">
    <subfield code="a">11/01/94</subfield>
    <subfield code="s">9118</subfield>
    <subfield code="n">NjP</subfield>
    <subfield code="w">NJPG88B40280</subfield>
    <subfield code="d">08/10/88</subfield>
    <subfield code="c">JEB</subfield>
    <subfield code="b">JEB</subfield>
    <subfield code="i">941101</subfield>
    <subfield code="l">NJPG</subfield>
  </datafield>
  <datafield ind1=" " ind2=" " tag="911">
    <subfield code="a">19941111</subfield>
  </datafield>
  <datafield ind1=" " ind2=" " tag="912">
    <subfield code="a">19941101000000.0</subfield>
  </datafield>
  <datafield ind1=" " ind2=" " tag="994">
    <subfield code="a">C0</subfield>
    <subfield code="b">PUL</subfield>
  </datafield>
  <datafield ind1=" " ind2=" " tag="999">
    <subfield code="a">460629</subfield>
  </datafield>
  <datafield ind1="0" ind2="0" tag="852">
    <subfield code="0">501018</subfield>
    <subfield code="b">rcppa</subfield>
    <subfield code="t">1</subfield>
    <subfield code="h">BP193.27</subfield>
    <subfield code="i">.S534 1986</subfield>
    <subfield code="x">tr fr nec</subfield>
  </datafield>
  <datafield ind1=" " ind2=" " tag="959">
    <subfield code="a">2000-06-13 00:00:00 -0400</subfield>
  </datafield>
</record>
